@book{andersson_software_2006,
	title = {Software Engineering for Internet Applications},
	isbn = {0262511916},
	publisher = {The {MIT} Press},
	author = {Eve Andersson and Philip Greenspun and Andrew Grumet},
	month = mar,
	year = {2006}
}
