@article{umphress02,
	address = {Los Alamitos, CA, USA},
	author = {Umphress, David   and Hendrix, Dean  T.  and Cross, James  H. },
	doi = {10.1109/MS.2002.1032858},
	issn = {0740-7459},
	journal = {IEEE Software},
	number = {5},
	pages = {78--85},
	publisher = {IEEE Computer Society},
	title = {Software Process in the Classroom: The Capstone Project Experience},
	url = {http://dx.doi.org/10.1109/MS.2002.1032858},
	volume = {19},
	year = {2002}
}

@inproceedings{welie00,
    author = {Martijn van Welie and Hallvard Traetteberg},
    title = {Interaction Patterns in User Interfaces},
    booktitle = {Proc. Seventh Pattern Languages of Programs Conference: PLoP 2000},
    year = {2000},
    pages = {13--16}
}

@inproceedings{schneider03,
	author = {Schneider, J.  and Johnston, L. },
	doi = {10.1109/ICSE.2003.1201242},
	booktitle = {Proceedings of the 25th International Conference on Software Engineering},
	pages = {594--599},
	title = {eXtreme programming at universities - an educational perspective},
	url = {http://dx.doi.org/10.1109/ICSE.2003.1201242},
	year = {2003}
}

@inproceedings{noble04,
	address = {Darlinghurst, Australia, Australia},
	author = {Noble, James   and Marshall, Stuart   and Marshall, Stephen   and Biddle, Robert  },
	booktitle = {ACE '04: Proceedings of the sixth conference on Australasian computing education},
	location = {Dunedin, New Zealand},
	pages = {217--226},
	publisher = {Australian Computer Society, Inc.},
	title = {Less Extreme Programming},
	url = {http://portal.acm.org/citation.cfm?id=979968.979997},
	year = {2004}
}

@inproceedings{keefe04,
	address = {Darlinghurst, Australia, Australia},
	author = {Keefe, Karen   and Dick, Martin  },
	booktitle = {ACE '04: Proceedings of the sixth conference on Australasian computing education},
	location = {Dunedin, New Zealand},
	pages = {151--160},
	publisher = {Australian Computer Society, Inc.},
	title = {Using Extreme Programming in a capstone project},
	url = {http://portal.acm.org/citation.cfm?id=979989},
	year = {2004}
}

@mastersthesis{sato07,
	author = {Sato, Danilo  T. },
	location = {S\~{a}o Paulo},
	month = {Agosto},
	school = {Universidade de S\~{a}o Paulo},
	title = {Uso eficaz de m\'{e}tricas em m\'{e}todos \'{a}geis de desenvolvimento de software},
	year = {2007}
}

@misc{lopes07,
	location = {S\~{a}o Paulo},
	author = {Lopes, Roseli  },
	school = {Escola Polit\'{e}cnica da Universidade de S\~{a}o Paulo},
	title = {TECNOFAGIA: Uma Mudan\c{c}a de Paradigma para a Educa\c{c}\~{a}o pelos Meios Eletr\^{o}nicos Interativos},
	howpublished = {Texto - Livre Doc\^{e}ncia},
	year = {2007}
}

@misc{futurelab06,
	location = {Bristol, United Kingdom},
	author = {Owen, Martin and Grant, Lyndsay and Sayers, Steve and Facer, Keri},
	school = {Futurelab},
	title = {Social Software and learning},
	howpublished = {Tech Report},
	year = {2006}
}

@book{beck04,
	author = {Beck, Kent   and Andres, Cynthia  },
	isbn = {0321278658},
	month = {November},
	publisher = {{Addison-Wesley Professional}},
	title = {Extreme Programming Explained : Embrace Change (2nd Edition)},
	year = {2004}
}

@book{brown96,
	editor = {Brown, Alan},
	isbn = {081867718X},
	publisher = {{Wiley-IEEE Computer Society Pr}},
	title = {Component-Based Software Engineering: Selected Papers from the Software Engineering Institute},
	year = {1996}
}

@book{alchin08,
	author = {Alchin, Marty},
	isbn = {1430210478},
	address = {Nova Iorque, EUA},
	month = {December},
	publisher = {{Apress}},
	title = {Pro Django},
	year = {2008}
}

@book{holovaty07,
	author = {Holovaty, Adrian and Kaplan-Moss, Jacob},
	isbn = {1590597257},
	month = {December},
	publisher = {{Apress}},
	title = {The Definitive Guide to Django},
	year = {2007}
}

@book{bennett08,
	author = {Bennett, James},
	isbn = {1590599969},
	month = {June},
	publisher = {{Apress}},
	title = {Practical Django Projects},
	year = {2008}
}

@book{rosson01,
	author = {Rosson, Mary Beth},
	isbn = {1558607129},
	month = {October},
	publisher = {{Morgan Kaufmann}},
	title = {Usability Engineering: Scenario-Based Development of Human Computer Interaction},
	year = {2001}
}

@book{nielsen00,
	author = {Nielsen, Jakob},
	isbn = {156205810X},
	month = {October},
	publisher = {{New Riders Publishing}},
	title = {Designing Web Usability},
	year = {2000}
}

@book{nielsen93,
	author = {Nielsen, Jakob},
	month = {September},
	publisher = {{Morgan Kaufmann}},
	title = {Usability Engineering},
	year = {1993}
}

@book{krug06,
	author = {Krug, Steve},
    address = {Rio de Janeiro, Brasil},
	publisher = {{AltaBooks}},
	title = {Não me faça pensar: Uma abordagem de bom senso à usabilidade na web},
	year = {2006}
}

@book{tidwell05, 
	author = {Tidwell, Jenifer},
	month = {November},
	publisher = {{O'Reilly}},
	title = {Designing Interfaces},
	year = {2005}
}

@book{shneiderman06,
	author = {Shneiderman, Ben},
    address = {Rio de Janeiro, Brasil},
	publisher = {{Editora Nova Fronteira}},
	title = {O laptop de Leonardo - como o novo Renascimento já está mudando a sua vida},
	year = {2006}
}

@book{fagundes99,
	author = {Fagundes, Léa da Cruz and Sato, Luciane Sayuri and Maçada, Débora Laurino},
    address = {Brasília, Brasil},
	publisher = {{PROINFO/SEED/MEC}},
	title = {Aprendizes do Futuro: as inovações começaram!},
	year = {1999}
}
